@inproceedings{brown2019deep,
  title={Deep counterfactual regret minimization},
  author={Brown, Noam and Lerer, Adam and Gross, Sam and Sandholm, Tuomas},
  booktitle={International conference on machine learning},
  pages={793--802},
  year={2019},
  organization={PMLR}
}

@inproceedings{lanctot2009monte,
  title={Monte Carlo Sampling for Regret Minimization in Extensive Games.},
  author={Lanctot, Marc and Waugh, Kevin and Zinkevich, Martin and Bowling, Michael H},
  booktitle={NIPS},
  pages={1078--1086},
  year={2009}
}

@inproceedings{neller2013introduction,
  title={An introduction to counterfactual regret minimization},
  author={Neller, Todd W and Lanctot, Marc},
  booktitle={Proceedings of Model AI Assignments, The Fourth Symposium on Educational Advances in Artificial Intelligence (EAAI-2013)},
  volume={11},
  year={2013}
}

@article{lanctot2012no,
  title={No-regret learning in extensive-form games with imperfect recall},
  author={Lanctot, Marc and Gibson, Richard and Burch, Neil and Zinkevich, Martin and Bowling, Michael},
  journal={arXiv preprint arXiv:1205.0622},
  year={2012}
}

@article{lanctot2017unified,
  title={A unified game-theoretic approach to multiagent reinforcement learning},
  author={Lanctot, Marc and Zambaldi, Vinicius and Gruslys, Audrunas and Lazaridou, Angeliki and Tuyls, Karl and P{\'e}rolat, Julien and Silver, David and Graepel, Thore},
  journal={arXiv preprint arXiv:1711.00832},
  year={2017}
}

@article{timbers2020approximate,
  title={Approximate exploitability: Learning a best response in large games},
  author={Timbers, Finbarr and Lockhart, Edward and Schmid, Martin and Lanctot, Marc and Bowling, Michael},
  journal={arXiv preprint arXiv:2004.09677},
  year={2020}
}

@inproceedings{hennes2020neural,
  title={Neural Replicator Dynamics: Multiagent Learning via Hedging Policy Gradients},
  author={Hennes, Daniel and Morrill, Dustin and Omidshafiei, Shayegan and Munos, R{\'e}mi and Perolat, Julien and Lanctot, Marc and Gruslys, Audrunas and Lespiau, Jean-Baptiste and Parmas, Paavo and Du{\'e}{\~n}ez-Guzm{\'a}n, Edgar and others},
  booktitle={Proceedings of the 19th International Conference on Autonomous Agents and MultiAgent Systems},
  pages={492--501},
  year={2020}
}

@book{hayward2019hex,
  title={Hex: The Full Story},
  author={Hayward, Ryan B and Toft, Bjarne},
  year={2019},
  publisher={CRC Press}
}